@book{legall,
    title       = {Brownian Motion, Martingales, and Stochastic Calculus},
    author      = {Jean-François Le Gall},
    doi         = {10.1007/978-3-319-31089-3},
    series      = {Graduate Texts in Mathematics},
    year        = {2016},
    publisher   = {Springer International Publishing},
    keywords    = {mathematics}
}

@article{brown,
    author = {Robert Brown},
    title = {XXVII. A brief account of microscopical observations made in the months of June, July and August 1827, on the particles contained in the pollen of plants; and on the general existence of active molecules in organic and inorganic bodies},
    journal = {The Philosophical Magazine},
    volume = {4},
    number = {21},
    pages = {161-173},
    year  = {1828},
    publisher = {Taylor & Francis},
    doi = {10.1080/14786442808674769}
}

@online{freiberg,
    title       = {TUBAF Stochastik SoSe2020 Stochastische Finanzmarktmodelle 2, Kap. 1 (14.4.2020)},
    author      = {Hans-Jörg Starkloff},
    organization = {Uni Freiberg},
    date        = {2021},
    urldate     = {24.12.2021},
    url         = {https://tu-freiberg.de/sites/default/files/media/fakultaet-fuer-mathematik-und-informatik-fakultaet-1-9277/stat/SoSe2020/skript_stofimamod_2_2020_01_zeitstetigestochastischeprozesse.pdf},
    keywords    = {Finanzmarktmodelle}
}

@Inbook{Amann,
    author="Amann, Herbert
    and Escher, Joachim",
    title="Stetige Erweiterungen",
    bookTitle="Analysis II",
    year="2006",
    publisher="Birkh{\"a}user Basel",
    address="Basel",
    pages="10--16",
    doi="10.1007/3-7643-7402-0_2"
}
